% Correct Bibtex entries are best obtained by cut-and-paste from 
% Spires or Inspire. 
% - They might still need some editing of Latex symbols in 
%   the titles. 
% - Page ranges should in many cases be shortened to just 
%   having the start page.
% - Collaborations might need to be added or indeed just the word 
%   "collaboration" put after them.

% Below are a set of standard references to use for LHCb.

% The LHCb detector paper
@article{Alves:2008zz,
      author         = "Alves~Jr., A. A. and others",
      title          = "{The \lhcb detector at the LHC}",
      collaboration  = "LHCb collaboration",
      journal        = "JINST",
      volume         = "3",
      pages          = "S08005",
      doi            = "10.1088/1748-0221/3/08/S08005",
      year           = "2008",
}

% The HLT1 in 2010 data
@lhcbreport{LHCb-PUB-2011-003,
      author       = "Gligorov, Vladimir V",
      title        = "{A single track HLT1 trigger}",
      number       = "LHCb-PUB-2011-003",
}  

% The trigger conditions for Run 1
@lhcbreport{LHCb-PUB-2014-046,
      author       = "Puig, Albert",
      title        = "{The LHCb trigger in 2011 and 2012}",
      number       = "LHCb-PUB-2014-046",
}  

% LHCb Topological Trigger Reoptimization - Run 2
@article{LHCb-PROC-2015-018,
      author        = "Likhomanenko, T. and others",
      title         = "{LHCb topological trigger reoptimization}",
      journal       = "J. Phys. Conf. Ser.",
      volume        = "664",
      pages         = "082025",
      doi           = "10.1088/1742-6596/664/8/082025",
      month         = "Oct",
      year          = "2015",
      reportNumber  = "LHCb-PROC-2015-018",
}

% PID performance
@article{LHCb-PROC-2011-008,
      author         = "Powell, A. and others",
      title          = "{Particle identification at LHCb}",
      journal        = "PoS",
      volume         = "ICHEP2010",
      pages          = "020",
      year           = "2010",
      note           = "\href{https://cdsweb.cern.ch/record/1322666?ln=en}{LHCb-PROC-2011-008}",
      SLACcitation   = "%%CITATION = POSCI,ICHEP2010,020;%%",
}

% The LHCb simulation
@article{LHCb-PROC-2011-006,
  author={Clemencic, M and others},
  title="{The \lhcb simulation application, Gauss: Design, evolution and experience}",
  journal="{J. Phys. Conf. Ser.}",
  volume={331},
  pages={032023},
  doi={10.1088/1742-6596/331/3/032023},
  year={2011},
}

% Pythia tuning
@article{LHCb-PROC-2010-056,
      author         = "Belyaev, I. and others",
      title          = "{Handling of the generation of primary events
                         in Gauss, the LHCb simulation framework}",
      journal="{J. Phys. Conf. Ser.}",
      volume={331},
      pages={032047},
      doi={10.1088/1742-6596/331/3/032047},
      year={2011},
}

% Pythia tuning
@article{LHCb-PROC-2010-056_OLD,
      author         = "Belyaev, I. and others",
      title          = "{Handling of the generation of primary events
in Gauss, the LHCb simulation framework}",
      journal        = "Nuclear Science Symposium Conference Record
(NSS/MIC)",
      volume         = "IEEE",
      pages          = "1155",
      year           = "2010",
      doi            = "10.1109/NSSMIC.2010.5873949",
}

% The PDG 2017 version (PDG 2016 + 2017 updates announced 31-May-17)
@article{PDG2017,
     author    = "Patrignani, C. and others",
 collaboration = "Particle Data Group",
     title     = "{\href{http://pdg.lbl.gov/}{Review of particle physics}}",
     journal   = "Chin. Phys.",
     volume    = "C40",
     year      = "2016",
     pages     = "100001",
     doi       = "10.1088/1674-1137/40/10/100001",
     note      = "and {\href{http://pdglive.lbl.gov/}{2017 update}}",
}

% The PDG 2016 version
@article{PDG2016,
     author    = "Patrignani, C. and others",
 collaboration = "Particle Data Group",
     title     = "{\href{http://pdg.lbl.gov/}{Review of particle physics}}",
     journal   = "Chin. Phys.",
     volume    = "C40",
     year      = "2016",
     pages     = "100001",
     doi       = "10.1088/1674-1137/40/10/100001",
}

% The PDG 2014 version
@article{PDG2014,
     author    = "Olive, K. A. and others",
 collaboration = "Particle Data Group",
     title     = "{\href{http://pdg.lbl.gov/}{Review of particle physics}}",
     journal   = "Chin. Phys.",
     volume    = "C38",
     year      = "2014",
     pages     = "090001",
     doi       = "10.1088/1674-1137/38/9/090001",
     note      = "{and 2015 update}",
}

% The PDG 2012 version
@article{PDG2012,
     author    = "Beringer, J. and others",
 collaboration = "Particle Data Group",
     title     = "{\href{http://pdg.lbl.gov/}{Review of particle physics}}",
     journal   = "Phys. Rev.",
     volume    = "D86",
     year      = "2012",
     pages     = "010001",
     doi       = "10.1103/PhysRevD.86.010001",
     note      = "{and 2013 partial update for the 2014 edition}",
}

% HFLAV
@article{HFLAV16,
      author         = "Amhis, Y. and others",
      collaboration  = "Heavy Flavor Averaging Group",
      title          = "{Averages of $b$-hadron, $c$-hadron, and $\tau$-lepton
                        properties as of summer 2016}",
      journal        = "Eur. Phys. J.",
      volume         = "C77",
      pages          = "895",
      doi            = "10.1140/epjc/s10052-017-5058-4",
      year           = "2017",
      eprint         = "1612.07233",
      archivePrefix  = "arXiv",
      primaryClass   = "hep-ex",
      reportNumber   = "FERMILAB-PUB-16-611-ND",
      SLACcitation   = "%%CITATION = ARXIV:1612.07233;%%",
      note           = "{updated results and plots available at \href{https://hflav.web.cern.ch}{{\texttt{https://hflav.web.cern.ch}}}}",
}

% HFAG pre-2016
@article{Amhis:2014hma,
      author         = "Amhis, Y. and others",
      title          = "{Averages of $b$-hadron, $c$-hadron, and $\tau$-lepton
                        properties as of summer 2014}",
      collaboration  = "Heavy Flavor Averaging Group",
      year           = "2014",
      eprint         = "1412.7515",
      archivePrefix  = "arXiv",
      primaryClass   = "hep-ex",
      reportNumber   = "FERMILAB-PUB-15-004-PPD",
      SLACcitation   = "%%CITATION = ARXIV:1412.7515;%%"
}

% Pythia 6.4
@article{Sjostrand:2006za,
      author         = {Sj\"{o}strand, Torbj\"{o}rn and Mrenna, Stephen and 
                       Skands, Peter"},
      title          = "{PYTHIA 6.4 physics and manual}",
      journal        = "JHEP",
      volume         = "05",
      pages          = "026",
      doi            = "10.1088/1126-6708/2006/05/026",
      year           = "2006",
      eprint         = "hep-ph/0603175",
      archivePrefix  = "arXiv",
      primaryClass   = "hep-ph",
}

@article{Sjostrand:2007gs,
      author         = {Sj\"{o}strand, Torbj\"{o}rn and Mrenna, Stephen and
                        Skands, Peter"},
      title          = "{A brief introduction to PYTHIA 8.1}",
      journal        = "Comput. Phys. Commun.",
      volume         = "178",
      pages          = "852-867",
      doi            = "10.1016/j.cpc.2008.01.036",
      year           = "2008",
      eprint         = "0710.3820",
      archivePrefix  = "arXiv",
      primaryClass   = "hep-ph",
      reportNumber   = "CERN-LCGAPP-2007-04, LU-TP-07-28,
                        FERMILAB-PUB-07-512-CD-T",
      SLACcitation   = "%%CITATION = ARXIV:0710.3820;%%",
}

%GEANT4 (the two below should be used together)
@Article{Agostinelli:2002hh,
     author    = "Agostinelli, S. and others",
 collaboration = "Geant4 collaboration",
     title     = "{Geant4: A simulation toolkit}",
     journal   = "Nucl. Instrum. Meth.",
     volume    = "A506",
     year      = "2003",
     pages     = "250",
     doi       = "10.1016/S0168-9002(03)01368-8",
     SLACcitation  = "%%CITATION = NUIMA,A506,250;%%"
}

@article{Allison:2006ve,
      author         = "Allison, John and Amako, K. and Apostolakis, J. and
                        Araujo, H. and Dubois, P.A. and others",
 collaboration = "Geant4 collaboration",
      title          = "{Geant4 developments and applications}",
      journal        = "IEEE Trans.Nucl.Sci.",
      volume         = "53",
      pages          = "270",
      doi            = "10.1109/TNS.2006.869826",
      year           = "2006",
      reportNumber   = "SLAC-PUB-11870",
      SLACcitation   = "%%CITATION = IETNA,53,270;%%",
}

%DIRAC
@article{Tsaregorodtsev:2010zz,
      author         = "Tsaregorodtsev, A. and Brook, N. and Casajus Ramo, A. and
                        Charpentier, P. and Closier, J. and others",
      title          = "{DIRAC3: The new generation of the LHCb grid software}",
      journal        = "J. Phys. Conf. Ser.",
      volume         = "219",
      pages          = "062029",
      doi            = "10.1088/1742-6596/219/6/062029",
      year           = "2010",
      SLACcitation   = "%%CITATION = 00462,219,062029;%%",
}

@article{BelleDIRACAmazon,
      author         = "Graciani Diaz, Ricardo and Casajus Ramo, Adria and Carmona uero, Ana and Fifield, Thomas and Sevior, Martin",
      title          = "{Belle-DIRAC setup for using Amazon Elastic Compute Cloud}",
      journal        = "Journal of Grid Computing",
      volume         = "9",
      year           = "2011",
      pages          = "65-79",
      doi            = "10.1007/s10723-010-9175-7",
}

% EVTGEN
@Article{Lange:2001uf,
     author    = "Lange, D. J.",
     title     = "{The EvtGen particle decay simulation package}",
     journal   = "Nucl. Instrum. Meth.",
     volume    = "A462",
     year      = "2001",
     pages     = "152-155",
     doi       = "10.1016/S0168-9002(01)00089-4",
     SLACcitation  = "%%CITATION = NUIMA,A462,152;%%"
}

% PHOTOS
@article{Golonka:2005pn,
      author         = "Golonka, Piotr and Was, Zbigniew",
      title          = "{PHOTOS Monte Carlo: A precision tool for QED
                  corrections in $Z$ and $W$ decays}",
      journal        = "Eur. Phys. J.",
      volume         = "C45",
      pages          = "97-107",
      doi            = "10.1140/epjc/s2005-02396-4",
      year           = "2006",
      eprint         = "hep-ph/0506026",
      archivePrefix  = "arXiv",
      primaryClass   = "hep-ph",
      reportNumber   = "IFJPAN-V-05-01, CERN-PH-TH-2005-091",
      SLACcitation   = "%%CITATION = HEP-PH/0506026;%%",
}

% Crystal Ball function
@PhdThesis{Skwarnicki:1986xj,
  author    = "Skwarnicki, Tomasz",
  title     = "{A study of the radiative cascade transitions between the
                  Upsilon-prime and Upsilon resonances}",
  school = 	 {Institute of Nuclear Physics, Krakow},
  year = 	 {1986},
  note = 	 "{\href{http://inspirehep.net/record/230779/}{DESY-F31-86-02}}",
  SLACcitation   = "%%CITATION = DESY-F31-86-02 ETC.;%%"
}

% Hypatia, etc.
@article{Santos:2013gra,
      author         = "Mart{\'\i}nez Santos, Diego and Dupertuis, Fr{\'e}d{\'e}ric",
      title          = "{Mass distributions marginalized over per-event errors}",
      journal        = "Nucl. Instrum. Meth.",
      volume         = "A764",
      year           = "2014",
      pages          = "150-155",
      doi            = "10.1016/j.nima.2014.06.081",
      eprint         = "1312.5000",
      archivePrefix  = "arXiv",
      primaryClass   = "hep-ex",
      SLACcitation   = "%%CITATION = ARXIV:1312.5000;%%"
}

% BDT
@book{Breiman,
  author = 	 {Breiman, L. and Friedman, J. H. and Olshen,
                  R. A. and Stone, C. J.},
  title = 	 {Classification and regression trees},
  publisher = 	 {Wadsworth international group},
  year = 	 {1984},
  address = 	 {Belmont, California, USA},
}

@article{Roe,
   author = {Roe, B.~P. and Yang, H.-J. and Zhu, J. and Liu,
                  Y. and Stancu, I. and McGregor, G.},
    title = "{Boosted decision trees as an alternative to artificial neural networks for particle identification}",
  journal = {Nucl. Instrum. Meth.},
   eprint = {physics/0408124},
archivePrefix  = "arXiv",
 primaryClass   = "physics",
     year = "2005",
   volume = "A543",
    pages = {577-584},
      doi = {10.1016/j.nima.2004.12.018},
}

% BDT training with AdaBoost
@Article{AdaBoost,
  author = 	 {Freund, Yoav and Schapire, Robert E.},
  title = 	 {A decision-theoretic generalization of on-line learning and an application to boosting},
  journal = 	 {J. Comput. Syst. Sci.},
  volume         = "55",
  pages          = "119",
  year = 	 {1997},
  doi            = "10.1006/jcss.1997.1504",
}

% Multivariate topological trigger
@article{BBDT,
      author         = "Gligorov, V. V. and Williams, M.",
      title          = "{Efficient, reliable and fast high-level triggering using a bonsai boosted decision tree}",
      journal        = "JINST",
      volume         = "8",
      pages          = "P02013",
      doi            = "10.1088/1748-0221/8/02/P02013",
      year           = "2013",
      eprint         = "1210.6861",
      archivePrefix  = "arXiv",
      primaryClass   = "physics.ins-det",

}

%DecayTreeFitter
@article{Hulsbergen:2005pu,
      author         = "Hulsbergen, Wouter D.",
      title          = "{Decay chain fitting with a Kalman filter}",
      journal        = "Nucl. Instrum. Meth.",
      volume         = "A552",
      pages          = "566-575",
      doi            = "10.1016/j.nima.2005.06.078",
      year           = "2005",
      eprint         = "physics/0503191",
      archivePrefix  = "arXiv",
      primaryClass   = "physics",
      SLACcitation   = "%%CITATION = PHYSICS/0503191;%%",
}

%sPlot
@article{Pivk:2004ty,
      author         = "Pivk, Muriel and Le Diberder, Francois R.",
      title          = "{sPlot: A statistical tool to unfold data distributions}",
      journal        = "Nucl. Instrum. Meth.",
      volume         = "A555",
      pages          = "356-369",
      doi            = "10.1016/j.nima.2005.08.106",
      year           = "2005",
      eprint         = "physics/0402083",
      archivePrefix  = "arXiv",
      primaryClass   = "physics.data-an",
      reportNumber   = "LAL-04-07",
      SLACcitation   = "%%CITATION = PHYSICS/0402083;%%",
}

%Wilks' theorem
@article{Wilks:1938dza,
      author         = "Wilks, S. S.",
      title          = "{The large-sample distribution of the likelihood ratio
                        for testing composite hypotheses}",
      journal        = "Ann. Math.Stat.",
      volume         = "9",
      pages          = "60-62",
      doi            = "10.1214/aoms/1177732360",
      year           = "1938",
      SLACcitation   = "%%CITATION = AASTA,9,60;%%",
}

%Punzi's optimization criterion
@article{Punzi:2003bu,
      author         = "Punzi, Giovanni",
      title          = "{Sensitivity of searches for new signals and its
                        optimization}",
      booktitle      = "{Statistical problems in particle physics, astrophysics
                        and cosmology. Proceedings, Conference, PHYSTAT 2003,
                        Stanford, USA, September 8-11, 2003}",
      journal        = "eConf",
      volume         = "C030908",
      year           = "2003",
      pages          = "MODT002",
      eprint         = "physics/0308063",
      archivePrefix  = "arXiv",
      primaryClass   = "physics",
      reportNumber   = "PHYSTAT-2003-MODT002",
      SLACcitation   = "%%CITATION = PHYSICS/0308063;%%"
}

@article{fsfd,
      author         = "Aaij, R. and others",
      title          = "{Measurement of the fragmentation fraction ratio $f_s/f_d$ and its dependence on $B$ meson kinematics}",
      collaboration  = "LHCb collaboration",
      journal        = "JHEP",
      volume         = "04",
      pages          = "001",
      doi            = "10.1007/JHEP04(2013)001",
      year           = "2013",
      eprint         = "1301.5286",
      archivePrefix  = "arXiv",
      primaryClass   = "hep-ex",
      reportNumber   = "CERN-PH-EP-2013-006, LHCB-PAPER-2012-037",
      SLACcitation   = "%%CITATION = ARXIV:1301.5286;%%",
      note           = "$f_s/f_d$ value updated in \href{https://cds.cern.ch/record/1559262}{LHCb-CONF-2013-011}"
}

@article{Cabibbo:1963yz,
      author         = "Cabibbo, Nicola",
      title          = "{Unitary symmetry and leptonic decays}",
      journal        = "Phys. Rev. Lett.",
      volume         = "10",
      year           = "1963",
      pages          = "531-533",
      doi            = "10.1103/PhysRevLett.10.531",
      SLACcitation   = "%%CITATION = PRLTA,10,531;%%"
}
@article{Kobayashi:1973fv,
      author         = "Kobayashi, Makoto and Maskawa, Toshihide",
      title          = "{\CP\ violation in the renormalizable theory of weak interaction}",
      journal        = "Prog. Theor. Phys.",
      volume         = "49",
      year           = "1973",
      pages          = "652-657",
      doi            = "10.1143/PTP.49.652",
      reportNumber   = "KUNS-242",
      SLACcitation   = "%%CITATION = PTPKA,49,652;%%"
}

@article{FerroLuzzi:2005em,
      author         = "Ferro-Luzzi, M.",
      title          = "{Proposal for an absolute luminosity determination in
                        colliding beam experiments using vertex detection of
                        beam-gas interactions}",
      journal        = "Nucl. Instrum. Meth.",
      volume         = "A553",
      pages          = "388-399",
      doi            = "10.1016/j.nima.2005.07.010",
      year           = "2005",
}

@article{Skands:2009zm,
      author         = "Skands, Peter Z.",
      title          = "{The Perugia tunes}",
      year           = "2009",
      eprint         = "0905.3418",
      archivePrefix  = "arXiv",
      primaryClass   = "hep-ph",
}

@Misc{BibTeX,
  author = 	 {Feder, Alexander},
  title = 	 {Your {Bib\TeX} resource},
  howpublished = {\href{http://www.bibtex.org/} {http://www.bibtex.org/}},
}

@Misc{mciteplus,
  author = 	 {Shell, Michael},
  title = 	 {Mciteplus: Enhanced multicitations},
  howpublished = {\href{http://www.michaelshell.org/tex/mciteplus/} {http://www.michaelshell.org/tex/mciteplus/}},
}

@lhcbreport{LHCb-PUB-2016-021,
      author        = "Anderlini, Lucio and Contu, Andrea and Jones, Christopher
                       Rob and Malde, Sneha Sirirshkumar and Muller, Dominik and
                       Ogilvy, Stephen and Otalora Goicochea, Juan Martin and
                       Pearce, Alex and Polyakov, Ivan and Qian, Wenbin and
                       Sciascia, Barbara and Vazquez Gomez, Ricardo and Zhang,
                       Yanxi",
      title         = "{The PIDCalib package}",
      number        = "LHCb-PUB-2016-021",
      month         = "July",
      year          = "2016",
      url           = "http://cds.cern.ch/record/2202412",
}

% Real-time calibration
@INPROCEEDINGS{Dujany:2017839,
      author        = "Dujany, Giulio and Storaci, Barbara",
      title         = "{Real-time alignment and calibration of the LHCb Detector
                       in Run II}",
      month         = "Apr",
      year          = "2015",
      number        = "LHCb-PROC-2015-011",
      url           = "https://cds.cern.ch/record/2017839",
}

% Turbo stream 
@article{LHCb-PROC-2015-011,
      author        = "Dujany, Giulio and Storaci, Barbara",
      title         = "{Real-time alignment and calibration of the LHCb Detector
                       in Run II}",
      journal="{J. Phys. Conf. Ser.}",
      volume={664},
      pages={082010},
      doi={10.1088/1742-6596/664/8/082010},
      year={2015},
}

% LHC beam energy calibration and uncertainty
@article{PhysRevAccelBeams.20.081003,
 title = "{Large Hadron Collider momentum calibration and accuracy}",
 author = {Todesco, E. and Wenninger, J.},
 journal = {Phys. Rev. Accel. Beams},
 volume = {20},
 issue = {8},
 pages = {081003},
 numpages = {14},
 year = {2017},
 month = {Aug},
 publisher = {American Physical Society},
 doi = {10.1103/PhysRevAccelBeams.20.081003},
 url = {https://link.aps.org/doi/10.1103/PhysRevAccelBeams.20.081003}
}

% the CLS method
@article{CLs,
  author={A L Read},
  title="{Presentation of search results: The CL$_{\rm s}$ technique}",
  journal={J. Phys.},
  volume={G28},
  pages={2693},
  doi={10.1088/0954-3899/28/10/313},
  year={2002},
}

@article{CKMfitter2005,
      author         = "Charles, J. and H{\"o}cker, Andreas and Lacker, H. and
                        Laplace, S. and Le Diberder, F. R. and Malcl{\`e}s, J. and
                        Ocariz, J. and Pivk, M. and Roos, L.",
      title          = "{\CP violation and the CKM matrix: Assessing the impact of the asymmetric $B$ factories}",
      collaboration  = "CKMfitter group",
      journal        = "Eur. Phys. J.",
      volume         = "C41",
      year           = "2005",
      pages          = "1",
      doi            = "10.1140/epjc/s2005-02169-1",
      eprint         = "hep-ph/0406184",
      archivePrefix  = "arXiv",
      primaryClass   = "hep-ph",
      reportNumber   = "CPT-2004-P-030, LAL-04-21, LAPP-EXP-2004-01, LPNHE-2004-01",
      SLACcitation   = "%%CITATION = HEP-PH/0406184;%%",
      note           = "{updated results and plots available at \href{http://ckmfitter.in2p3.fr/}{{\texttt{http://ckmfitter.in2p3.fr/}}}}",
}

@article{CKMfitter2015,
      author         = "Charles, J. and others",
      title          = "{Current status of the Standard Model CKM fit and constraints on \hbox{$\Delta F=2$} new physics}",
      collaboration  = "CKMfitter group",
      journal        = "Phys. Rev.",
      volume         = "D91",
      year           = "2015",
      pages          = "073007",
      doi            = "10.1103/PhysRevD.91.073007",
      eprint         = "1501.05013",
      archivePrefix  = "arXiv",
      primaryClass   = "hep-ph",
      reportNumber   = "LPT-ORSAY-15-04",
      SLACcitation   = "%%CITATION = ARXIV:1501.05013;%%",
      note           = "{updated results and plots available at \href{http://ckmfitter.in2p3.fr/}{{\texttt{http://ckmfitter.in2p3.fr/}}}}",
}

% UTfit Standard Model / Unitarity Triangle
@article{UTfit-UT,
      author         = "Bona, M. and others",
      title          = "{The unitarity triangle fit in the standard model and
                        hadronic parameters from lattice QCD: A reappraisal after
                        the measurements of $\Delta m_{s}$ and $BR(B\to\tau\nu_{\tau})$}",
      collaboration  = "UTfit collaboration",
      journal        = "JHEP",
      volume         = "10",
      year           = "2006",
      pages          = "081",
      doi            = "10.1088/1126-6708/2006/10/081",
      eprint         = "hep-ph/0606167",
      archivePrefix  = "arXiv",
      primaryClass   = "hep-ph",
      SLACcitation   = "%%CITATION = HEP-PH/0606167;%%",
      note           = "{updated results and plots available at \href{http://www.utfit.org/}{{\texttt{http://www.utfit.org/}}}}",
}

% UTfit New Physics
@article{UTfit-NP,
      author         = "Bona, M. and others",
      title          = "{Constraints on new physics from the quark mixing unitarity triangle}",
      collaboration  = "UTfit collaboration",
      journal        = "Phys. Rev. Lett.",
      volume         = "97",
      year           = "2006",
      pages          = "151803",
      doi            = "10.1103/PhysRevLett.97.151803",
      eprint         = "hep-ph/0605213",
      archivePrefix  = "arXiv",
      primaryClass   = "hep-ph",
      SLACcitation   = "%%CITATION = HEP-PH/0605213;%%",
      note           = "{updated results and plots available at \href{http://www.utfit.org/}{{\texttt{http://www.utfit.org/}}}}",
}


@article{Scikit,
      author         = "Pedregosa, Fabian and others",
      title          = "{Scikit-learn: Machine learning in Python}",
      journal        = "J. Machine Learning Res.",
      volume         = "12",
      year           = "2011",
      pages          = "2825",
      eprint         = "1201.0490",
      archivePrefix  = "arXiv",
      primaryClass   = "cs.LG",
      url            = "{http://www.jmlr.org/papers/v12/pedregosa11a.html}",
      SLACcitation   = "%%CITATION = ARXIV:1201.0490;%%",
      note           = "{and online at \href{http://scikit-learn.org/stable/}{{\texttt{http://scikit-learn.org/stable/}}}}",
}

@article{Adye:2011gm,
      author         = "Adye, Tim",
      title          = "{Unfolding algorithms and tests using RooUnfold}",
      booktitle      = "{Proceedings, PHYSTAT 2011 Workshop on Statistical Issues
                        Related to Discovery Claims in Search Experiments and
                        Unfolding, CERN,Geneva, Switzerland 17-20 January 2011}",
      organization   = "CERN",
      publisher      = "CERN",
      address        = "Geneva",
      year           = "2011",
      url            = "https://inspirehep.net/record/898599/files/arXiv:1105.1160.pdf",
      pages          = "313-318",
      doi            = "10.5170/CERN-2011-006.313",
      eprint         = "1105.1160",
      archivePrefix  = "arXiv",
      primaryClass   = "physics.data-an",
      SLACcitation   = "%%CITATION = ARXIV:1105.1160;%%"
}

%
% baryon asymmetry in Universe - some options
%
@article{Gavela:1993ts,
      author         = "Gavela, M. B. and Hernandez, P. and Orloff, J. and P\`ene, O.",
      title          = "{Standard model \CP violation and baryon asymmetry}",
      journal        = "Mod. Phys. Lett.",
      volume         = "A9",
      year           = "1994",
      pages          = "795-810",
      doi            = "10.1142/S0217732394000629",
      eprint         = "hep-ph/9312215",
      archivePrefix  = "arXiv",
      primaryClass   = "hep-ph",
      reportNumber   = "CERN-TH-7081-93, LPTHE-ORSAY-93-48, HUTP-93-A036,
                        HD-THEP-93-45",
      SLACcitation   = "%%CITATION = HEP-PH/9312215;%%"
}

@article{Gavela:1994dt,
      author         = "Gavela, M. B. and Hernandez, P. and Orloff, J. and Pene, O. and Quimbay, C.",
      title          = "{Standard model \CP violation and baryon asymmetry. Part 2: Finite temperature}",
      journal        = "Nucl. Phys.",
      volume         = "B430",
      year           = "1994",
      pages          = "382-426",
      doi            = "10.1016/0550-3213(94)00410-2",
      eprint         = "hep-ph/9406289",
      archivePrefix  = "arXiv",
      primaryClass   = "hep-ph",
      reportNumber   = "CERN-TH-7263-94, LPTHE-ORSAY-94-49, HUTP-94-A015,
                        HD-THEP-94-20, FTUAM-94-14, NSF-ITP-94-65",
      SLACcitation   = "%%CITATION = HEP-PH/9406289;%%"
}

@article{Huet:1994jb,
      author         = "Huet, Patrick and Sather, Eric",
      title          = "{Electroweak baryogenesis and standard model \CP violation}",
      journal        = "Phys. Rev.",
      volume         = "D51",
      year           = "1995",
      pages          = "379-394",
      doi            = "10.1103/PhysRevD.51.379",
      eprint         = "hep-ph/9404302",
      archivePrefix  = "arXiv",
      primaryClass   = "hep-ph",
      reportNumber   = "SLAC-PUB-6479",
      SLACcitation   = "%%CITATION = HEP-PH/9404302;%%"
}
% Revtex
@Misc{REVTeX,
  author = 
"{American Physical Society}",
  title = 
"{APS {REV\TeX} package}",
  howpublished = {\href{https://journals.aps.org/revtex}{https://journals.aps.org/revtex}},
}

% Hep-ML
@article{Rogozhnikov:2016bdp,
      author         = "Rogozhnikov, A.",
      title          = "{Reweighting with Boosted Decision Trees}",
      booktitle      = "{Proceedings, 17th International Workshop on Advanced
                        Computing and Analysis Techniques in Physics Research
                        (ACAT 2016): Valparaiso, Chile, January 18-22, 2016}",
      journal        = "J. Phys. Conf. Ser.",
      volume         = "762",
      year           = "2016",
      pages          = "012036",
      doi            = "10.1088/1742-6596/762/1/012036",
      eprint         = "1608.05806",
      archivePrefix  = "arXiv",
      primaryClass   = "physics.data-an",
      note           = "\url{https://github.com/arogozhnikov/hep_ml}",
      SLACcitation   = "%%CITATION = ARXIV:1608.05806;%%"
}

%%%%%%%%%%%%%%%%%%%%%%%%%%%%%%%%%%%%%%%%%%%%%%%%%%%%%%%%%
%
%  LHCb paper information moved to LHCb-PAPER.bib
%                         see also LHCb-CONF.bib
%
%%%%%%%%%%%%%%%%%%%%%%%%%%%%%%%%%%%%%%%%%%%%%%%%%%%%%%%%%

@Article{Grossman:1996ke,
     author    = "Grossman, Yuval and Worah, Mihir P.",
     title     = "{\CP asymmetries in \B decays with new physics in decay
                  amplitudes}",
     journal   = "Phys. Lett.",
     volume    = "B395",
     year      = "1997",
     pages     = "241-249",
     eprint    = "hep-ph/9612269",
     archivePrefix = "arXiv",
     doi       = "10.1016/S0370-2693(97)00068-3",
     SLACcitation  = "%%CITATION = HEP-PH/9612269;%%"
}

@Article{Fleischer:1996bv,
     author    = "Fleischer, Robert",
     title     = "{\CP violation and the role of electroweak penguins in
                  nonleptonic $B$ decays}",
     journal   = "Int. J. Mod. Phys.",
     volume    = "A12",
     year      = "1997",
     pages     = "2459-2522",
     eprint    = "hep-ph/9612446",
     archivePrefix = "arXiv",
     doi       = "10.1142/S0217751X97001432",
     SLACcitation  = "%%CITATION = HEP-PH/9612446;%%"
}

@Article{London:1997zk,
     author    = "London, David and Soni, Amarjit",
     title     = "{Measuring the \CP angle $\beta$ in hadronic $b \to s$ penguin
                  decays}",
     journal   = "Phys. Lett.",
     volume    = "B407",
     year      = "1997",
     pages     = "61-65",
     eprint    = "hep-ph/9704277",
     archivePrefix = "arXiv",
     doi       = "10.1016/S0370-2693(97)00695-3",
     SLACcitation  = "%%CITATION = HEP-PH/9704277;%%"
}

@Article{Ciuchini:1997zp,
     author    = "Ciuchini, Marco and Franco, E. and Martinelli, G. and
                  Masiero, A. and Silvestrini, L.",
     title     = "{\CP violating \B decays in the Standard Model and
                  supersymmetry}",
     journal   = "Phys. Rev. Lett.",
     volume    = "79",
     year      = "1997",
     pages     = "978-981",
     eprint    = "hep-ph/9704274",
     archivePrefix = "arXiv",
     doi       = "10.1103/PhysRevLett.79.978",
     SLACcitation  = "%%CITATION = HEP-PH/9704274;%%"
}

@article{Snyder:1993mx,
      author         = "Snyder, Arthur E. and Quinn, Helen R.",
      title          = "{Measuring \CP asymmetry in $B \to \rho \pi$ decays
                        without ambiguities}",
      journal        = "Phys.Rev.",
      volume         = "D48",
      pages          = "2139-2144",
      doi            = "10.1103/PhysRevD.48.2139",
      year           = "1993",
      reportNumber   = "SLAC-PUB-6056",
      SLACcitation   = "%%CITATION = PHRVA,D48,2139;%%",
}

@Article{Charles:1998vf,
     author    = "Charles, J. and Le Yaouanc, A. and Oliver, L. and Pene, O.
                  and Raynal, J. C.",
     title     = "{$B^0(t) \to DPP$ time-dependent Dalitz plots, \CP-
                  violating angles  $2\beta$, $2\beta + \gamma$, and discrete
                  ambiguities}",
     journal   = "Phys. Lett.",
     volume    = "B425",
     year      = "1998",
     pages     = "375",
     eprint    = "hep-ph/9801363",
     doi       = "10.1016/S0370-2693(98)00250-0",
     SLACcitation  = "%%CITATION = HEP-PH/9801363;%%"
}

@article{Latham:2008zs,
      author         = "Latham, Thomas and Gershon, Tim",
      title          = "{A method to measure $\cos(2\beta)$ using time-dependent
                        Dalitz plot analysis of $B^0 \to D_{\CP} \pi^+ \pi^-$}",
      journal        = "J.Phys.",
      volume         = "G36",
      pages          = "025006",
      doi            = "10.1088/0954-3899/36/2/025006",
      year           = "2009",
      eprint         = "0809.0872",
      archivePrefix  = "arXiv",
      primaryClass   = "hep-ph",
      SLACcitation   = "%%CITATION = ARXIV:0809.0872;%%",
}

@article{Ciuchini:2006kv,
      author         = "Ciuchini, M. and Pierini, M. and Silvestrini, L.",
      title          = "{New bounds on the CKM matrix from $B \to K \pi \pi$
                        Dalitz plot analyses}",
      journal        = "Phys.Rev.",
      volume         = "D74",
      pages          = "051301",
      doi            = "10.1103/PhysRevD.74.051301",
      year           = "2006",
      eprint         = "hep-ph/0601233",
      archivePrefix  = "arXiv",
      primaryClass   = "hep-ph",
      SLACcitation   = "%%CITATION = HEP-PH/0601233;%%",
}

@article{Ciuchini:2006st,
      author         = "Ciuchini, M. and Pierini, M. and Silvestrini, L.",
      title          = "{Hunting the CKM weak phase with time-integrated Dalitz
                        analyses of $\Bs \to K \pi \pi$ decays}",
      journal        = "Phys.Lett.",
      volume         = "B645",
      pages          = "201-203",
      doi            = "10.1016/j.physletb.2006.12.043",
      year           = "2007",
      eprint         = "hep-ph/0602207",
      archivePrefix  = "arXiv",
      primaryClass   = "hep-ph",
      SLACcitation   = "%%CITATION = HEP-PH/0602207;%%",
}

@article{Gronau:2006qn,
      author         = "Gronau, Michael and Pirjol, Dan and Soni, Amarjit and
                        Zupan, Jure",
      title          = "{Improved method for CKM constraints in charmless
                        three-body \B and \Bs decays}",
      journal        = "Phys.Rev.",
      volume         = "D75",
      pages          = "014002",
      doi            = "10.1103/PhysRevD.75.014002",
      year           = "2007",
      eprint         = "hep-ph/0608243",
      archivePrefix  = "arXiv",
      primaryClass   = "hep-ph",
      reportNumber   = "SLAC-PUB-12063, BNL-HET-06-8",
      SLACcitation   = "%%CITATION = HEP-PH/0608243;%%",
}

@article{Gronau:2007vr,
      author         = "Gronau, Michael and Pirjol, Dan and Soni, Amarjit and
                        Zupan, Jure",
      title          = "{Constraint on $\bar{\rho}, \bar{\eta}$ from $B \to K^* \pi$}",
      journal        = "Phys.Rev.",
      volume         = "D77",
      pages          = "057504",
      doi            = "10.1103/PhysRevD.77.057504",
      year           = "2008",
      eprint         = "0712.3751",
      archivePrefix  = "arXiv",
      primaryClass   = "hep-ph",
      reportNumber   = "SLAC-PUB-13022, CERN-PH-TH-2007-228, BNL-HET-07-21",
      SLACcitation   = "%%CITATION = ARXIV:0712.3751;%%",
}

@article{Bediaga:2006jk,
      author         = "Bediaga, Ignacio and Guerrer, Gabriel and de Miranda,
                        Jussara M.",
      title          = "{Extracting the quark mixing phase $\gamma$ from $B^\pm
                        \to K^\pm \pi^+ \pi^-$, $B^0 \to K_S \pi^+ \pi^-$, and
                        $\bar{B}^0 \to K_S \pi^+ \pi^-$}",
      journal        = "Phys.Rev.",
      volume         = "D76",
      pages          = "073011",
      doi            = "10.1103/PhysRevD.76.073011",
      year           = "2007",
      eprint         = "hep-ph/0608268",
      archivePrefix  = "arXiv",
      primaryClass   = "hep-ph",
      SLACcitation   = "%%CITATION = HEP-PH/0608268;%%",
}

@Article{Aubert:2009me,
     author    = "Aubert, Bernard and others",
 collaboration = "\babar collaboration",
     title     = "{Time-dependent amplitude analysis of $B^0 \to \KS \pi^+ \pi^-$}",
     journal   = "Phys. Rev.",
     volume    = "D80",
     year      = "2009",
     pages     = "112001",
     eprint    = "0905.3615",
     archivePrefix = "arXiv",
     primaryClass  =  "hep-ex",
     doi       = "10.1103/PhysRevD.80.112001",
     SLACcitation  = "%%CITATION = 0905.3615;%%"
}

@article{Dalseno:2008wwa,
      author         = "Dalseno, J. and others",
      title          = "{Time-dependent Dalitz plot measurement of \CP\ parameters in $\Bz \to \KS \pip\pim$ decays}",
      collaboration  = "Belle collaboration",
      journal        = "Phys. Rev.",
      volume         = "D79",
      year           = "2009",
      pages          = "072004",
      doi            = "10.1103/PhysRevD.79.072004",
      eprint         = "0811.3665",
      archivePrefix  = "arXiv",
      primaryClass   = "hep-ex",
      reportNumber   = "BELLE-PREPRINT-2008-29, KEK-PREPRINT-2008-39",
      SLACcitation   = "%%CITATION = ARXIV:0811.3665;%%"
}

@Article{Nakahama:2010nj,
     author    = "Nakahama, Y. and others",
 collaboration = "Belle collaboration",
     title     = "{Measurement of \CP violating asymmetries in $B^0 \to K^+K^-
                  K^0_S$ decays with a time-dependent Dalitz approach}",
     journal   = "Phys. Rev.",
     volume    = "D82",
     year      = "2010",
     pages     = "073011",
     eprint    = "1007.3848",
     archivePrefix = "arXiv",
     primaryClass  =  "hep-ex",
     doi       = "10.1103/PhysRevD.82.073011",
     SLACcitation  = "%%CITATION = 1007.3848;%%"
}

@article{Lees:2012kxa,
      author         = "Lees, J.P. and others",
      title          = "{Study of \CP violation in Dalitz-plot analyses of $B^0 \to K^+K^-\KS$, $B^+ \to K^+K^-K^+$, and $B^+ \to \KS\KS K^+$}",
      collaboration  = "BaBar collaboration",
      journal        = "Phys.Rev.",
      volume         = "D85",
      pages          = "112010",
      doi            = "10.1103/PhysRevD.85.112010",
      year           = "2012",
      eprint         = "1201.5897",
      archivePrefix  = "arXiv",
      primaryClass   = "hep-ex",
      reportNumber   = "BABAR-PUB-11-024, SLAC-PUB-14858",
      SLACcitation   = "%%CITATION = ARXIV:1201.5897;%%",
}

@article{Burdman:1991vt,
      author         = "Burdman, Gustavo and Donoghue, John F.",
      title          = "{\B meson \CP violation without flavor identification}",
      journal        = "Phys.Rev.",
      volume         = "D45",
      pages          = "187-192",
      doi            = "10.1103/PhysRevD.45.187",
      year           = "1992",
      reportNumber   = "UMHEP-351",
      SLACcitation   = "%%CITATION = PHRVA,D45,187;%%",
}

@article{Gardner:2002bb,
      author         = "Gardner, Susan",
      title          = "{Direct \CP violation in untagged $B$ meson decays}",
      journal        = "Phys.Lett.",
      volume         = "B553",
      pages          = "261-266",
      doi            = "10.1016/S0370-2693(02)03263-X",
      year           = "2003",
      eprint         = "hep-ph/0203152",
      archivePrefix  = "arXiv",
      primaryClass   = "hep-ph",
      reportNumber   = "SLAC-PUB-9162, UK-TP-2002-03",
      SLACcitation   = "%%CITATION = HEP-PH/0203152;%%",
}

@article{Gardner:2003su,
      author         = "Gardner, Susan and Tandean, Jusak",
      title          = "{Observing direct \CP violation in untagged \B meson
                        decays}",
      journal        = "Phys.Rev.",
      volume         = "D69",
      pages          = "034011",
      doi            = "10.1103/PhysRevD.69.034011",
      year           = "2004",
      eprint         = "hep-ph/0308228",
      archivePrefix  = "arXiv",
      primaryClass   = "hep-ph",
      reportNumber   = "UK-TP-2003-07",
      SLACcitation   = "%%CITATION = HEP-PH/0308228;%%",
}

@article{Aubert:2008yd,
      author         = "Aubert, Bernard and others",
      title          = "{Search for \CP violation in neutral \D meson
                        Cabibbo-suppressed three-body decays}",
      collaboration  = "BaBar collaboration",
      journal        = "Phys.Rev.",
      volume         = "D78",
      pages          = "051102",
      doi            = "10.1103/PhysRevD.78.051102",
      year           = "2008",
      eprint         = "0802.4035",
      archivePrefix  = "arXiv",
      primaryClass   = "hep-ex",
      reportNumber   = "SLAC-PUB-13058, BABAR-PUB-07-074",
      SLACcitation   = "%%CITATION = ARXIV:0802.4035;%%",
}

@article{Bediaga:2009tr,
      author         = "Bediaga, I. and Bigi, I.I. and Gomes, A. and Guerrer, G.
                        and Miranda, J. and others",
      title          = "{On a \CP anisotropy measurement in the Dalitz plot}",
      journal        = "Phys.Rev.",
      volume         = "D80",
      pages          = "096006",
      doi            = "10.1103/PhysRevD.80.096006",
      year           = "2009",
      eprint         = "0905.4233",
      archivePrefix  = "arXiv",
      primaryClass   = "hep-ph",
      SLACcitation   = "%%CITATION = ARXIV:0905.4233;%%",
}

@article{Williams:2011cd,
      author         = "Williams, Mike",
      title          = "{Observing \CP violation in many-body decays}",
      journal        = "Phys.Rev.",
      volume         = "D84",
      pages          = "054015",
      doi            = "10.1103/PhysRevD.84.054015",
      year           = "2011",
      eprint         = "1105.5338",
      archivePrefix  = "arXiv",
      primaryClass   = "hep-ex",
      SLACcitation   = "%%CITATION = ARXIV:1105.5338;%%",
}

@article{Bediaga:2012tm,
      author         = "Bediaga, I. and Miranda, J. and dos Reis, A.C. and Bigi,
                        I.I. and Gomes, A. and others",
      title          = "{Second generation of 'Miranda Procedure' for \CP
                        violation in Dalitz studies of \B (and \D and $\tau$)
                        decays}",
      journal        = "Phys.Rev.",
      volume         = "D86",
      pages          = "036005",
      doi            = "10.1103/PhysRevD.86.036005",
      year           = "2012",
      eprint         = "1205.3036",
      archivePrefix  = "arXiv",
      primaryClass   = "hep-ph",
      SLACcitation   = "%%CITATION = ARXIV:1205.3036;%%",
}

@article{Dunietz:1995cp,
      author         = "Dunietz, Isard",
      title          = "{$\Bs$--$\Bsb$ mixing, \CP violation and extraction of
                        CKM phases from untagged $\Bs$ data samples}",
      journal        = "Phys.Rev.",
      volume         = "D52",
      pages          = "3048-3064",
      doi            = "10.1103/PhysRevD.52.3048",
      year           = "1995",
      eprint         = "hep-ph/9501287",
      archivePrefix  = "arXiv",
      primaryClass   = "hep-ph",
      reportNumber   = "FERMILAB-PUB-94-361-T",
      SLACcitation   = "%%CITATION = HEP-PH/9501287;%%",
}

@article{Fleischer:2011cw,
      author         = "Fleischer, Robert and Knegjens, Robert",
      title          = "{Effective lifetimes of $\Bs$ decays and their
                        constraints on the $B_s^0$--$\bar B_s^0$ mixing
                        parameters}",
      journal        = "Eur.Phys.J.",
      volume         = "C71",
      pages          = "1789",
      doi            = "10.1140/epjc/s10052-011-1789-9",
      year           = "2011",
      eprint         = "1109.5115",
      archivePrefix  = "arXiv",
      primaryClass   = "hep-ph",
      reportNumber   = "NIKHEF-2011-026",
      SLACcitation   = "%%CITATION = ARXIV:1109.5115;%%",
}

@article{DeBruyn:2012wj,
      author         = "De Bruyn, Kristof and Fleischer, Robert and Knegjens,
                        Robert and Koppenburg, Patrick and Merk, Marcel and
                        others",
      title          = "{Branching ratio measurements of $\Bs$ decays}",
      journal        = "Phys.Rev.",
      volume         = "D86",
      pages          = "014027",
      doi            = "10.1103/PhysRevD.86.014027",
      year           = "2012",
      eprint         = "1204.1735",
      archivePrefix  = "arXiv",
      primaryClass   = "hep-ph",
      reportNumber   = "NIKHEF-2012-005",
      SLACcitation   = "%%CITATION = ARXIV:1204.1735;%%",
}

@article{Dettori:2018bwt,
      author         = "Dettori, Francesco and Guadagnoli, Diego",
      title          = "{On the model dependence of measured $\Bs$-meson
                        branching fractions}",
      journal        = "Phys. Lett.",
      volume         = "B784",
      year           = "2018",
      pages          = "96-100",
      doi            = "10.1016/j.physletb.2018.07.041",
      eprint         = "1804.03591",
      archivePrefix  = "arXiv",
      primaryClass   = "hep-ph",
      reportNumber   = "LAPTH-013/18, LAPTH-013-18",
      SLACcitation   = "%%CITATION = ARXIV:1804.03591;%%"
}

@article{Fleischer:1999pa,
      author         = "Fleischer, Robert",
      title          = "{New strategies to extract $\beta$ and $\gamma$ from $\Bd \to \pip\pim$ and $\Bs \to \Kp\Km$}",
      journal        = "Phys.Lett.",
      volume         = "B459",
      pages          = "306-320",
      doi            = "10.1016/S0370-2693(99)00640-1",
      year           = "1999",
      eprint         = "hep-ph/9903456",
      archivePrefix  = "arXiv",
      primaryClass   = "hep-ph",
      reportNumber   = "CERN-TH-99-79",
      SLACcitation   = "%%CITATION = HEP-PH/9903456;%%",
}

@article{Fleischer:1999zi,
      author         = "Fleischer, Robert",
      title          = "{Extracting CKM phases from angular distributions of
                        $B^0_{(s)}$ decays into admixtures of \CP eigenstates}",
      journal        = "Phys.Rev.",
      volume         = "D60",
      pages          = "073008",
      doi            = "10.1103/PhysRevD.60.073008",
      year           = "1999",
      eprint         = "hep-ph/9903540",
      archivePrefix  = "arXiv",
      primaryClass   = "hep-ph",
      reportNumber   = "CERN-TH-99-92",
      SLACcitation   = "%%CITATION = HEP-PH/9903540;%%",
}

@article{Gronau:2000zy,
      author         = "Gronau, Michael",
      title          = "{U spin symmetry in charmless \B decays}",
      journal        = "Phys.Lett.",
      volume         = "B492",
      pages          = "297-302",
      doi            = "10.1016/S0370-2693(00)01119-9",
      year           = "2000",
      eprint         = "hep-ph/0008292",
      archivePrefix  = "arXiv",
      primaryClass   = "hep-ph",
      reportNumber   = "CERN-TH-2000-250",
      SLACcitation   = "%%CITATION = HEP-PH/0008292;%%",
}

@article{Fleischer:2002ys,
      author         = "Fleischer, Robert",
      title          = "{\CP violation in the \B system and relations to $K \to \pi \nu \bar{\nu}$ decays}",
      journal        = "Phys.Rept.",
      volume         = "370",
      pages          = "537-680",
      doi            = "10.1016/S0370-1573(02)00274-0",
      year           = "2002",
      eprint         = "hep-ph/0207108",
      archivePrefix  = "arXiv",
      primaryClass   = "hep-ph",
      reportNumber   = "DESY-THESIS-2002-022",
      SLACcitation   = "%%CITATION = HEP-PH/0207108;%%",
}

@article{DescotesGenon:2006wc,
      author         = "Descotes-Genon, Sebastien and Matias, Joaquim and Virto,
                        Javier",
      title          = "{Exploring $B^0_{(s)} \to KK$ decays through flavour
                        symmetries and QCD-factorisation}",
      journal        = "Phys.Rev.Lett.",
      volume         = "97",
      pages          = "061801",
      doi            = "10.1103/PhysRevLett.97.061801",
      year           = "2006",
      eprint         = "hep-ph/0603239",
      archivePrefix  = "arXiv",
      primaryClass   = "hep-ph",
      reportNumber   = "LPT-ORSAY-06-17, UAB-FT-599",
      SLACcitation   = "%%CITATION = HEP-PH/0603239;%%",
}

@article{Soni:2006vi,
      author         = "Soni, Amarjit and Suprun, Denis A.",
      title          = "{Determination of $\gamma$ from charmless $B \to M_1 M_2$ decays using U-spin}",
      journal        = "Phys.Rev.",
      volume         = "D75",
      pages          = "054006",
      doi            = "10.1103/PhysRevD.75.054006",
      year           = "2007",
      eprint         = "hep-ph/0609089",
      archivePrefix  = "arXiv",
      primaryClass   = "hep-ph",
      reportNumber   = "BNL-HET-06-10",
      SLACcitation   = "%%CITATION = HEP-PH/0609089;%%",
}

@article{Ciuchini:2007hx,
      author         = "Ciuchini, M. and Pierini, M. and Silvestrini, L.",
      title          = "{$\Bs \to K^{(*)0} \bar{K}^{(*)0}$ decays: the golden channels for new physics searches}",
      journal        = "Phys.Rev.Lett.",
      volume         = "100",
      pages          = "031802",
      doi            = "10.1103/PhysRevLett.100.031802",
      year           = "2008",
      eprint         = "hep-ph/0703137",
      archivePrefix  = "arXiv",
      primaryClass   = "HEP-PH",
      SLACcitation   = "%%CITATION = HEP-PH/0703137;%%",
}

@article{Cheng:2014uga,
      author         = "Cheng, Hai-Yang and Chua, Chun-Khiang",
      title          = "{Charmless three-body decays of \Bs mesons}",
      year           = "2014",
      journal        = "Phys.Rev.",
      volume         = "D89",
      pages          = "074025",
      doi            = "10.1103/PhysRevD.89.074025",
      eprint         = "1401.5514",
      archivePrefix  = "arXiv",
      primaryClass   = "hep-ph",
      SLACcitation   = "%%CITATION = ARXIV:1401.5514;%%",
}

@article{Li:2014fla,
      author         = "Li, Ying",
      title          = "{Branching fractions and direct \CP asymmetries of
                        $\Bsb \to \Kz h^+h^{\prime -} (h^{(\prime)}=K,\pi)$ decays}",
      journal        = "{Science China Physics, Mechanics \& Astronomy}",
      pages          = "1",
      doi            = "10.1007/s11433-014-5581-3",
      year           = "2014",
      eprint         = "1401.5948",
      archivePrefix  = "arXiv",
      primaryClass   = "hep-ph",
      SLACcitation   = "%%CITATION = ARXIV:1401.5948;%%",
}

@article{Li:2014oca,
      author         = "Li, Ying",
      title          = "{Comprehensive study of $\overline B^0\to K^0(\overline
                        K^0) K^\mp\pi^\pm$ decays in the factorization approach}",
      journal        = "Phys. Rev.",
      volume         = "D89",
      year           = "2014",
      pages          = "094007",
      doi            = "10.1103/PhysRevD.89.094007",
      eprint         = "1402.6052",
      archivePrefix  = "arXiv",
      primaryClass   = "hep-ph",
      SLACcitation   = "%%CITATION = ARXIV:1402.6052;%%"
}

@article{Li:2018qrm,
      author         = "Li, Ya and Wang, Wen-Fei and Ma, Ai-Jun and Xiao,
                        Zhen-Jun",
      title          = "{Quasi-two-body decays $B_{(s)}\to K^*(892)h\to K\pi h$
                        in perturbative QCD approach}",
      year           = "2018",
      eprint         = "1809.09816",
      archivePrefix  = "arXiv",
      primaryClass   = "hep-ph",
      SLACcitation   = "%%CITATION = ARXIV:1809.09816;%%"
}

@article{Dalitz:1953cp,
      author         = "Dalitz, R. H.",
      title          = "{On the analysis of tau-meson data and the nature of the
                        tau-meson}",
      journal        = "Phil.Mag.",
      volume         = "44",
      pages          = "1068-1080",
      doi            = "10.1080/14786441008520365",
      year           = "1953",
      SLACcitation   = "%%CITATION = PHMAA,44,1068;%%",
}

@article{Fleming:1964zz,
      author         = "Fleming, Gordon N.",
      title          = "{Recoupling effects in the isobar model. 1. General
                        formalism for three-pion scattering}",
      journal        = "Phys.Rev.",
      volume         = "135",
      pages          = "B551-B560",
      doi            = "10.1103/PhysRev.135.B551",
      year           = "1964",
      SLACcitation   = "%%CITATION = PHRVA,135,B551;%%",
}

@article{Morgan:1968zza,
      author         = "Morgan, D.",
      title          = "{Phenomenological analysis of $I=\frac{1}{2}$ single-pion production processes in the energy range 500 to 700 MeV}",
      journal        = "Phys.Rev.",
      volume         = "166",
      pages          = "1731-1759",
      doi            = "10.1103/PhysRev.166.1731",
      year           = "1968",
      SLACcitation   = "%%CITATION = PHRVA,166,1731;%%",
}

@article{Herndon:1973yn,
      author         = "Herndon, D. and Soding, P. and Cashmore, R. J.",
      title          = "{A generalised isobar model formalism}",
      journal        = "Phys.Rev.",
      volume         = "D11",
      pages          = "3165",
      doi            = "10.1103/PhysRevD.11.3165",
      year           = "1975",
      reportNumber   = "SLAC-PUB-1385, LBL-543",
      SLACcitation   = "%%CITATION = PHRVA,D11,3165;%%",
}

@article{Zemach:1963bc,
      author         = "Zemach, Charles",
      title          = "{Three pion decays of unstable particles}",
      journal        = "Phys.Rev.",
      volume         = "133",
      pages          = "B1201",
      doi            = "10.1103/PhysRev.133.B1201",
      year           = "1964",
      SLACcitation   = "%%CITATION = PHRVA,133,B1201;%%",
}

@article{Zemach:1968zz,
      author         = "Zemach, Charles",
      title          = "{Use of angular-momentum tensors}",
      journal        = "Phys.Rev.",
      volume         = "140",
      pages          = "B97-B108",
      doi            = "10.1103/PhysRev.140.B97",
      year           = "1965",
      SLACcitation   = "%%CITATION = PHRVA,140,B97;%%",
}


@Book{numerical-recipes,
        author =         {Press, W. H. and Teukolsky, S. A. and Vetterling, W. T. and Flannery, B. P.},
        title = {Numerical Recipes in C},
        publisher =      {Cambridge University Press},
        year =   1998,
        address =        {Cambridge}
}

@Book{blatt-weisskopf,
        author =         {Blatt, J. and Weisskopf, V. E.},
        title =          {Theoretical nuclear physics},
        publisher =      {J. Wiley (New York)},
        year =   "1952"
}

@Article{lass,
        author    = "Aston, D. and others",
        collaboration = "LASS collaboration",
        title     = "{A study of $K^- \pi^+$ scattering in the reaction $K^- p \to K^- \pi^+ n$ at 11 Ge\kern -0.1em V$\!/c$}",
        journal   = "Nucl. Phys.",
        volume    = "B296",
        year      = "1988",
        pages     = "493",
        doi       = "10.1016/0550-3213(88)90028-4",
}

@misc{lass2,
authors = "Dunwoodie, William",
note = "{W.~Dunwoodie, {\it Fits to $K\pi$ $I=\frac{1}{2}$ S-wave amplitude and phase data}, available from \href{http://www.sl
ac.stanford.edu/~wmd/kpi\_swave/kpi\_swave\_fit.note}{\tt http://www.slac.stanford.edu/\textasciitilde{}wmd/kpi\_swave/kpi\_swave\_fit.note}}"
,
url = "http://www.slac.stanford.edu/~wmd/kpi_swave/kpi_swave_fit.note",
}

@article{Meadows:2007jm,
      author         = "Meadows, B.",
      title          = "{Low mass S-wave $K\pi$ and $\pi\pi$ systems}",
      journal        = "eConf",
      volume         = "C070805",
      pages          = "27",
      year           = "2007",
      eprint         = "0712.1605",
      archivePrefix  = "arXiv",
      primaryClass   = "hep-ex",
      reportNumber   = "UCHEP-07-09, CHARM-2007-27",
      SLACcitation   = "%%CITATION = ARXIV:0712.1605;%%",
}

@Article{Aubert:2004cp,
     author    = "Aubert, B. and others",
 collaboration = "\babar collaboration",
     title     = "{Ambiguity-free measurement of $\cos(2\beta)$: time-integrated and time-dependent angular analyses of $B \to \jpsi K \pi$}",
     journal   = "Phys. Rev.",
     volume    = "D71",
     year      = "2005",
     pages     = "032005",
     eprint    = "hep-ex/0411016",
     doi       = "10.1103/PhysRevD.71.032005",
     SLACcitation  = "%%CITATION = HEP-EX/0411016;%%"
}

@article{ElBennich:2009da,
      author         = "El-Bennich, B. and Furman, A. and Kaminski, R. and
                        Lesniak, L. and Loiseau, B. and others",
      title          = "{$CP$ violation and kaon-pion interactions in $B \to K \pi^+ \pi^-$ decays}",
      journal        = "Phys.Rev.",
      volume         = "D79",
      pages          = "094005",
      doi            = "10.1103/PhysRevD.79.094005",
      year           = "2009",
      eprint         = "0902.3645",
      archivePrefix  = "arXiv",
      primaryClass   = "hep-ph",
      reportNumber   = "LPNHE-2009-02",
      extraPrefix    = "Erratum",
      extraVolume    = "D83",
      extraPages     = "039903",
      extraYear      = "2011",
      extraDoi       = "10.1103/PhysRevD.83.039903",
      SLACcitation   = "%%CITATION = ARXIV:0902.3645;%%",
}

@article{Wigner:1946zz,
      author         = "Wigner, Eugene P.",
      title          = "{Resonance reactions and anomalous scattering}",
      journal        = "Phys.Rev.",
      volume         = "70",
      pages          = "15-33",
      doi            = "10.1103/PhysRev.70.15",
      year           = "1946",
      SLACcitation   = "%%CITATION = PHRVA,70,15;%%",
}

@article{Laura++,
      author         = "Back, John and others",
      title          = "{LAURA$^{++}$: A Dalitz plot fitter}",
      journal        = "Comput. Phys. Commun.",
      volume         = "231",
      year           = "2018",
      pages          = "198-242",
      doi            = "10.1016/j.cpc.2018.04.017",
      eprint         = "1711.09854",
      archivePrefix  = "arXiv",
      primaryClass   = "hep-ex",
      note           = "latest software release available from \href{http://laura.hepforge.org/}{\tt http://laura.hepforge.org/}",
      SLACcitation   = "%%CITATION = ARXIV:1711.09854;%%"
}

@article{Ben-Haim:2014afa,
      author         = "Ben-Haim, Eli and Brun, René and Echenard, Bertrand and
                        Latham, Thomas E.",
      title          = "{JFIT: a framework to obtain combined experimental
                        results through joint fits}",
      year           = "2014",
      eprint         = "1409.5080",
      archivePrefix  = "arXiv",
      primaryClass   = "physics.data-an",
      SLACcitation   = "%%CITATION = ARXIV:1409.5080;%%"
}

@lhcbreport{DeCian:1402577,
      author        = "De Cian, Michel and Hansmann-Menzemer, Stephanie and
                       Jaeger, Andreas and Seyfert, Paul and van Tilburg, Jeroen
                       and Wandernoth, Sebastian",
      title         = "{Measurement of the track finding efficiency}",
      number        = "LHCb-PUB-2011-025",
      month         = "Apr",
      year          = "2012",
}
%
@lhcbreport{MartinSanchez:1407893,
      author        = "Mart\'{i}n Sanchez, Alexandra and Robbe, Patrick and Schune,
                       Marie-H\'{e}l\`{e}ne",
      title         = "{Performances of the LHCb L0 calorimeter trigger}",
      number        = "LHCb-PUB-2011-026",
      month         = "Jun",
      year          = "2012",
}

@article{Williams:2010vh,
      author         = "Williams, Mike",
      title          = "{How good are your fits? Unbinned multivariate
                        goodness-of-fit tests in high energy physics}",
      journal        = "JINST",
      volume         = "5",
      year           = "2010",
      pages          = "P09004",
      doi            = "10.1088/1748-0221/5/09/P09004",
      eprint         = "1006.3019",
      archivePrefix  = "arXiv",
      primaryClass   = "hep-ex",
      SLACcitation   = "%%CITATION = ARXIV:1006.3019;%%"
}
